@inproceedings{weideman2017integral,
  title={Integral curvature representation and matching algorithms for identification of dolphins and whales},
  author={Weideman, Hendrik J and Jablons, Zachary M and Holmberg, Jason and Flynn, Kiirsten and Calambokidis, John and Tyson, Reny B and Allen, Jason B and Wells, Randall S and Hupman, Krista and Urian, Kim and others},
  booktitle={Proceedings of the IEEE International Conference on Computer Vision},
  pages={2831--2839},
  year={2017}
}